<?xml version="1.0" encoding="UTF-8"?><collection xmlns="http://www.loc.gov/MARC21/slim"><record><leader>00417nam--2200121-i-4500</leader><controlfield tag="001">000004784</controlfield><controlfield tag="002">20161230</controlfield><controlfield tag="005">20161230201026</controlfield><controlfield tag="008">060222s1000------------r-----000-0-eng-d</controlfield><datafield ind1=" " ind2=" " tag="100"><subfield code="a">Benoist, P</subfield></datafield><datafield ind1=" " ind2=" " tag="245"><subfield code="a">A general formulationof th diffusion coefficie nt in a heterogenous medium which may contain cavities.translated by l.s.grant</subfield></datafield><datafield ind1=" " ind2=" " tag="260"><subfield code="a">Harwell, Atomic Energy Research Establ., 1959. 67 P. + 4 Fig</subfield></datafield><datafield ind1=" " ind2=" " tag="852"><subfield code="a">14748</subfield></datafield></record></collection>